<?xml version="1.0" encoding="UTF-8" ?><marc:collection xmlns:marc="http://www.loc.gov/MARC21/slim" xmlns:xsi="http://www.w3.org/2001/XMLSchema-instance" xsi:schemaLocation="http://www.loc.gov/MARC21/slim http://www.loc.gov/standards/marcxml/schema/MARC21slim.xsd">
<marc:record><marc:leader>02943cam a2200553Ii 4500</marc:leader>
<marc:controlfield tag="001">b12997614</marc:controlfield>
<marc:controlfield tag="003">UaCaAUL</marc:controlfield><marc:controlfield tag="005">20160926025715.0</marc:controlfield><marc:controlfield tag="008">980423s1952    ua       b    000 0 ara d</marc:controlfield><marc:datafield tag="010" ind1=" " ind2=" "><marc:subfield code="a">60032290</marc:subfield></marc:datafield><marc:datafield tag="035" ind1=" " ind2=" "><marc:subfield code="a">(OCoLC)39004471</marc:subfield></marc:datafield><marc:datafield tag="040" ind1=" " ind2=" "><marc:subfield code="a">OSU</marc:subfield><marc:subfield code="b">eng</marc:subfield><marc:subfield code="c">OSU</marc:subfield><marc:subfield code="d">OCL</marc:subfield><marc:subfield code="d">OCLCG</marc:subfield><marc:subfield code="d">OCLCQ</marc:subfield><marc:subfield code="d">GZM</marc:subfield><marc:subfield code="d">IUL</marc:subfield><marc:subfield code="d">OCLCA</marc:subfield><marc:subfield code="d">IUL</marc:subfield><marc:subfield code="d">OCLCA</marc:subfield><marc:subfield code="d">OCLCF</marc:subfield><marc:subfield code="d">OCLCO</marc:subfield><marc:subfield code="d">OCLCQ</marc:subfield><marc:subfield code="d">MEAUC</marc:subfield></marc:datafield><marc:datafield tag="049" ind1=" " ind2=" "><marc:subfield code="a">MAIN</marc:subfield></marc:datafield><marc:datafield tag="050" ind1="0" ind2="0"><marc:subfield code="a">B751.R63</marc:subfield><marc:subfield code="b">A3</marc:subfield></marc:datafield><marc:datafield tag="066" ind1=" " ind2=" "><marc:subfield code="c">(3</marc:subfield></marc:datafield><marc:datafield tag="090" ind1=" " ind2=" "><marc:subfield code="a">B751.R63</marc:subfield><marc:subfield code="b">A5 1952</marc:subfield></marc:datafield><marc:datafield tag="100" ind1="1" ind2=" "><marc:subfield code="6">880-01</marc:subfield><marc:subfield code="a">Amīn, Aḥmad,</marc:subfield><marc:subfield code="d">1886-1954,</marc:subfield><marc:subfield code="e">editor.</marc:subfield></marc:datafield><marc:datafield tag="245" ind1="1" ind2="0"><marc:subfield code="6">880-02</marc:subfield><marc:subfield code="a">Ḥayy ibn Yaqẓān li-Ibn Sīnā, wa-Ibn Ṭufayl, wa-al-Suhrawardī  /</marc:subfield><marc:subfield code="c">taḥqīq wa-taʻlīq Aḥmad Amīn.</marc:subfield></marc:datafield><marc:datafield tag="264" ind1=" " ind2="1"><marc:subfield code="6">880-03</marc:subfield><marc:subfield code="a">[Cairo] :</marc:subfield><marc:subfield code="b">Dār al-Maʻārif,</marc:subfield><marc:subfield code="c">[1952]</marc:subfield></marc:datafield><marc:datafield tag="300" ind1=" " ind2=" "><marc:subfield code="a">138 pages ;</marc:subfield><marc:subfield code="c">25 cm.</marc:subfield></marc:datafield><marc:datafield tag="336" ind1=" " ind2=" "><marc:subfield code="a">text</marc:subfield><marc:subfield code="b">txt</marc:subfield><marc:subfield code="2">rdacontent.</marc:subfield></marc:datafield><marc:datafield tag="337" ind1=" " ind2=" "><marc:subfield code="a">unmediated</marc:subfield><marc:subfield code="b">n</marc:subfield><marc:subfield code="2">rdamedia.</marc:subfield></marc:datafield><marc:datafield tag="338" ind1=" " ind2=" "><marc:subfield code="a">volume</marc:subfield><marc:subfield code="b">nc</marc:subfield><marc:subfield code="2">rdacarrier.</marc:subfield></marc:datafield><marc:datafield tag="490" ind1="1" ind2=" "><marc:subfield code="6">880-04</marc:subfield><marc:subfield code="a">Dhakhāʼir al-ʻArab ;</marc:subfield><marc:subfield code="v">8.</marc:subfield></marc:datafield><marc:datafield tag="504" ind1=" " ind2=" "><marc:subfield code="a">Includes bibliographical references.</marc:subfield></marc:datafield><marc:datafield tag="500" ind1=" " ind2=" "><marc:subfield code="a">Non-Latin script record.</marc:subfield></marc:datafield><marc:datafield tag="650" ind1=" " ind2="0"><marc:subfield code="a">Islamic philosophy</marc:subfield><marc:subfield code="v">Early works to 1800.</marc:subfield></marc:datafield><marc:datafield tag="600" ind1="0" ind2="0"><marc:subfield code="6">880-05</marc:subfield><marc:subfield code="a">Avicenna,</marc:subfield><marc:subfield code="d">980-1037.</marc:subfield><marc:subfield code="t">Risālat Ḥayy ibn Yaqẓān.</marc:subfield></marc:datafield><marc:datafield tag="600" ind1="1" ind2="0"><marc:subfield code="6">880-06</marc:subfield><marc:subfield code="a">Ibn Ṭufayl, Muḥammad ibn ʻAbd al-Malik,</marc:subfield><marc:subfield code="d">-1185.</marc:subfield><marc:subfield code="t">Risālat Ḥayy ibn Yaqẓān.</marc:subfield></marc:datafield><marc:datafield tag="600" ind1="1" ind2="0"><marc:subfield code="6">880-07</marc:subfield><marc:subfield code="a">Suhrawardī, Yaḥyá ibn Ḥabash,</marc:subfield><marc:subfield code="d">1152 or 1153-1191.</marc:subfield><marc:subfield code="t">Risālat Ḥayy ibn Yaqẓān.</marc:subfield></marc:datafield><marc:datafield tag="700" ind1="0" ind2=" "><marc:subfield code="6">880-08</marc:subfield><marc:subfield code="a">Avicenna,</marc:subfield><marc:subfield code="d">980-1037.</marc:subfield><marc:subfield code="t">Risālat Ḥayy ibn Yaqẓān.</marc:subfield></marc:datafield><marc:datafield tag="700" ind1="1" ind2=" "><marc:subfield code="6">880-09</marc:subfield><marc:subfield code="a">Ibn Ṭufayl, Muḥammad ibn ʻAbd al-Malik,</marc:subfield><marc:subfield code="d">-1185.</marc:subfield><marc:subfield code="t">Risālat Ḥayy ibn Yaqẓān.</marc:subfield></marc:datafield><marc:datafield tag="700" ind1="1" ind2=" "><marc:subfield code="6">880-10</marc:subfield><marc:subfield code="a">Suhrawardī, Yaḥyá ibn Ḥabash,</marc:subfield><marc:subfield code="d">1152 or 1153-1191.</marc:subfield><marc:subfield code="t">Risālat Ḥayy ibn Yaqẓān.</marc:subfield></marc:datafield><marc:datafield tag="830" ind1=" " ind2="0"><marc:subfield code="6">880-11</marc:subfield><marc:subfield code="a">Dhakhāʼir al-ʻArab ;</marc:subfield><marc:subfield code="v">8.</marc:subfield></marc:datafield><marc:datafield tag="880" ind1="1" ind2="0"><marc:subfield code="6">245-02/(3/r</marc:subfield><marc:subfield code="a">حي بن يقظان لإبن سينا، وابن طفيل، والسهروردي  /</marc:subfield><marc:subfield code="c">تحقيق وتعليق أحمد أمين..</marc:subfield></marc:datafield><marc:datafield tag="880" ind1="1" ind2=" "><marc:subfield code="6">100-01/(3/r</marc:subfield><marc:subfield code="a">أمين، أحمد،</marc:subfield><marc:subfield code="d">1886-1954.</marc:subfield></marc:datafield><marc:datafield tag="880" ind1="1" ind2=" "><marc:subfield code="6">490-04/(3/r</marc:subfield><marc:subfield code="a">ذخائر العرب ؛</marc:subfield><marc:subfield code="v">8.</marc:subfield></marc:datafield><marc:datafield tag="880" ind1=" " ind2="1"><marc:subfield code="6">264-03/(3/r</marc:subfield><marc:subfield code="a">[Cairo] :</marc:subfield><marc:subfield code="b">دار المعارف،</marc:subfield><marc:subfield code="c">[1952]</marc:subfield></marc:datafield><marc:datafield tag="880" ind1="0" ind2="4"><marc:subfield code="6">600-05/(3/r</marc:subfield><marc:subfield code="a">ابن سنا،،</marc:subfield><marc:subfield code="d">980-1037.</marc:subfield><marc:subfield code="t">رسالة حي بن يقظان..</marc:subfield></marc:datafield><marc:datafield tag="880" ind1="1" ind2="0"><marc:subfield code="6">600-06/(3/r</marc:subfield><marc:subfield code="a">ابن طفيل، محمد بن عبد الملك،،</marc:subfield><marc:subfield code="d">-1185.</marc:subfield><marc:subfield code="t">رسالة حي بن يقزان..</marc:subfield></marc:datafield><marc:datafield tag="880" ind1="1" ind2="0"><marc:subfield code="6">600-07/(3/r</marc:subfield><marc:subfield code="a">سهروردي، يحيى بن حبش،،</marc:subfield><marc:subfield code="d">d. 1152 or 1153-1191.</marc:subfield><marc:subfield code="t">رسالة حي بن يقظان..</marc:subfield></marc:datafield><marc:datafield tag="880" ind1="0" ind2=" "><marc:subfield code="6">700-08/(3/r</marc:subfield><marc:subfield code="a">ابن سنا،،</marc:subfield><marc:subfield code="d">980-1037.</marc:subfield><marc:subfield code="t">رسالة حي بن يقظان..</marc:subfield></marc:datafield><marc:datafield tag="880" ind1="1" ind2=" "><marc:subfield code="6">700-09/(3/r</marc:subfield><marc:subfield code="a">ابن طفيل، محمد بن عبد الملك،،</marc:subfield><marc:subfield code="d">-1185.</marc:subfield><marc:subfield code="t">رسالة حي بن يقزان..</marc:subfield></marc:datafield><marc:datafield tag="880" ind1="1" ind2=" "><marc:subfield code="6">700-10/(3/r</marc:subfield><marc:subfield code="a">سهروردي، يحيى بن حبش،،</marc:subfield><marc:subfield code="d">d. 1152 or 1153-1191.</marc:subfield><marc:subfield code="t">رسالة حي بن يقظان..</marc:subfield></marc:datafield><marc:datafield tag="880" ind1=" " ind2="0"><marc:subfield code="6">830-11/(3/r</marc:subfield><marc:subfield code="a">ذخائر العرب ؛</marc:subfield><marc:subfield code="v">8.</marc:subfield></marc:datafield><marc:datafield tag="907" ind1=" " ind2=" "><marc:subfield code="a">.b12997614</marc:subfield><marc:subfield code="b">main </marc:subfield></marc:datafield><marc:datafield tag="902" ind1=" " ind2=" "><marc:subfield code="a">170207</marc:subfield></marc:datafield><marc:datafield tag="998" ind1=" " ind2=" "><marc:subfield code="b">1</marc:subfield><marc:subfield code="c">030727</marc:subfield><marc:subfield code="d">m</marc:subfield><marc:subfield code="e">a</marc:subfield><marc:subfield code="f">-</marc:subfield><marc:subfield code="g">0</marc:subfield><marc:subfield code="k">MER, MAH</marc:subfield></marc:datafield><marc:datafield tag="945" ind1=" " ind2=" "><marc:subfield code="l">main </marc:subfield></marc:datafield></marc:record>
</marc:collection>
